@online{FifaSurvey01,
	author	= {FIFA.com},
	title	= {{FIFA Survey: approximately 250 million footballers worldwide}},
	year	= {2001},
	url 	= {https://www.fifa.com/who-we-are/news/fifa-survey-approximately-250-million-footballers-worldwide-88048},
	urldate = {2021-01-12}
}
@online{AmericanOdds19,
	author 	= {Benjamin Cronin},
	year	= {2019},
	title	= {{American odds vs. Decimal odds}},
	organization	= {Pinnacle},
	url		= {https://www.pinnacle.com/en/betting-articles/educational/odds-formats-available-at-pinnacle-sports/ZWSJD9PPX69V3YXZ},
	urldate	= {2021-01-08}
}
@online{FootballDataMarkets,
	author	= {Joseph Buchdahl},
	year 	= {n.d.},
	title	= {{Fixed Odds Betting Markets}},
	organization	= {Football Data},
	url		= {https://betting.football-data.co.uk/markets.php},
	urldate	= {2021-01-08}
}
@online{FootballDataMarkets,
	author	= {Joseph Buchdahl},
	year 	= {n.d.},
	title	= {{Football Results, Statistics \& Soccer Betting Odds Data}},
	organization	= {Football Data},
	url		= {https://www.football-data.co.uk/data.php},
	urldate	= {2021-03-25}
}
@online{BuchdahlAbout,
	author	= {Joseph Buchdahl},
	year	= {n.d.},
	title 	= {{Pinnacle Betting Expert and Author: Joseph Buchdahl}},
	organization	= {Pinnacle},
	url		= {https://www.pinnacle.com/en/betting-resources/author/Joseph-Buchdahl},
	urldate	= {2021-01-08}
}
@online{UefaEcl20,
	author	= {UEFA.com},
	year	= {2020},
	title	= {{UEFA Europa Conference League: all you need to know}},
	url		= {https://www.uefa.com/uefaeuropaconferenceleague/news/0264-10fe90612aa3-37b2bc77f89e-n.d.--europa-conference-league-lowdown/},
	urldate = {2021-01-12}	
}
@online{UefaCoeffs,
	author	= {UEFA.com},
	year	= {n.d.},
	title	= {{Country Coefficients}},
	url		= {https://www.uefa.com/memberassociations/uefarankings/country/#/yr/2021},
	urldate	= {2021-01-05}
}
@online{Bet365Markets,
	author	= {bet365},
	year	= {n.d.},
	title	= {Help: Soccer},
	url		= {https://help.bet365.com/product-help/sports/Rules/Soccer},
	urldate	= {2021-01-12}
}
@incollection{Dsm5,
	author 	= {{American Psychiatric Association}},
	booktitle	= {{Diagnostic and Statistical Manual of Mental Disorders (5th Edition)}},
	title	= {{DSM­5 Diagnostic Criteria: Gambling Disorder}},
	year	= {2018}
}
@online{FootballDataAbout,
	author	= {Joseph Buchdahl},
	year 	= {n.d.},
	title	= {{What is Football-Data?}},
	organization	= {Football Data},
	url		= {http://football-data.co.uk/#intro},
	urldate	= {2021-01-08}
}
@book{Mendenhall13,
	author	= {William Mendenhall and Robert J. Beaver and Barbara M. Beaver},
	year	= {2013},
	title	= {{Introduction to Probability and Statistics (14th Edition)}},
	publisher	= {Brooks/Cole}
}
@online{EplFinance17,
	author	= {David Conn},
	year	= {2017},
	journal	= {The Guardian},
	title	= {{Premier League finances: the full club-by-club breakdown and verdict}},
	url 	= {https://www.theguardian.com/football/2017/jun/01/premier-league-finances-club-by-club},
	urldate	= {2021-01-12}
}
@online{BundesligaFinance20,
	author	= {David Lange},
	year	= {2020},
	journal	= {Statista},
	title	= {{T}eams of the {G}erman {B}undesliga ranked by market (transfer) value of players in 2020},
	url		= {https://www.statista.com/statistics/283033/market-value-teams-german-football-bundesliga/#statisticContainer},
	urldate = {2021-01-12}
}
@online{eplfinances2019,
	author	= {David Lange},
	year	= {2021},
	journal	= {Statista},
	title	= {{Average player salary in the EPL 2019/20, by team}},
	url		= {https://www.statista.com/statistics/675303/average-epl-salary-by-team/},
	urldate = {2021-04-24}
}


@online{GiniWorldCoeffs18,
	author	= {{The World Bank}},
	year	= {2018},
	title	= {{Gini index (World Bank estimate}},
	url		= {https://data.worldbank.org/indicator/SI.POV.GINI?view=map},
	urldate = {2021-01-12}
}
@incollection{Hoaglin77,
	author	= {David C. Hoaglin},
	year	= {1977},
	booktitle	= {{Mathematical Software}},
	title	= {{Mathematical Software and Exploratory Data Analysis}},
	editor	= {John R. Rice},
	pages	= {139-159},
	doi		= {https://doi.org/10.1016/B978-0-12-587260-7.50010-8},
	isbn	= {978-0-12-587260-7},
	publisher	= {Academic Press}
}
@inproceedings{Owen09,
	author	= {Alun Owen},
	year	= {2009},
	editor 	= {The Institute of Mathematics and its Applications (IMA)},
	title 	= {Dynamic bayesian forecasting models of football match outcomes},
	booktitle	= {2nd International Conference on Mathematics in Sport (IMA Sport 2009)},
	venue 	= {Groningen, The Netherlands}
}
@online{FootballDataNotes,
	author	= {Joseph Buchdahl},
	title	= {{Notes for Football Data}},
	year	= {n.d.},
	url		= {http://www.football-data.co.uk/notes.txt},
	urldate	= {2020-10-02}
}
@inbook{Ader08,
	author	= {Herman J. Adèr},
	title	= {Phases and initial steps in data analysis},
	booktitle	= {{Advising on Research Methods: A consultant's companion}},
	year	= {2008},
	chapter	= {14},
	pages	= {333-357}
}
@article{Hyndman06,
	author 	= {Rob Hyndman and Anne Koehler},
	title 	= {Another look at measures of forecast accuracy},
	journaltitle = {{International Journal of Forecasting}},
	year 	= {2006},
	volume 	= {22},
	pages 	= {679-688},
	doi		= {10.1016/j.ijforecast.2006.03.001}
}
@book{Draper98,
	author	= {Norman R. Draper and Harry Smith},
	title	= {{Applied Regression Analysis. 3rd Edition}},
	year	= {1998},
	publisher	= {John Wiley \& Sons, New York}
}
@book{Goossens05,
	author	= {Kelly Goossens},
	year	= {2005},
	title	= {Competitive Balance in European Football: Comparison by adapting measures: National Measure of Seasonal Imbalance and Top3},
	publisher	= {University of Antwerp, Research Administration}
}
@book{OxfordMathsDict,
	author	= {Christopher Clapham and James Nicholson},
	title	= {{Oxford Concise Dictionary of Mathematics. 5th Edition}},
	year	= {2014},
	publisher	= {Oxford University Press}
}
@online{Calciopoli,
	author	= {Shamoon Hafez},
	year	= {2019},
	title	= {{Calciopoli: The scandal that rocked Italy and left Juventus in Serie B}},
	journal	= {BBC News},
	url		= {https://www.bbc.co.uk/sport/football/49910626},
	urldate	= {2021-01-07}
}
@online{DisgraceofGijon,
	author	= {Rob Smyth},
	year	= {2018},
	title	= {{World Cup stunning moments: West Germany 1-0 Austria in 1982}},
	journal	= {The Guardian},
	url		= {https://www.theguardian.com/football/blog/2014/feb/25/world-cup-25-stunning-moments-no3-germany-austria-1982-rob-smyth},
	urldate	= {2021-01-07}
}
@article{Lorenz05,
	author	= {M. O. Lorenz},
	journal	= {Publications of the American Statistical Association},
	publisher	= {American Statistical Association, Taylor \& Francis, Ltd.},
	number	= {70},
	pages	= {209-219},
	title	= {{Methods of Measuring the Concentration of Wealth}},
	volume	= {9},
	year	= {1905}
}
@online{CompetitiveBalance,
	editor 	= {{Cambridge Dictionary}},
	title 	= {{COMPETITIVE BALANCE | definition in the Cambridge English Dictionary}},
	year 	= {n.d.},
	url 	= {https://dictionary.cambridge.org/us/dictionary/english/competitive-balance},
	urldate = {2021-01-12}
}
@article{Rottenberg56,
	author 	= {Simon Rottenberg},
	title 	= {{The Baseball Players' Labor Market}},
	journal = {Journal of Political Economy},
	volume 	= {64},
	number 	= {3},
	pages 	= {242-258},
	year 	= {1956},
	doi 	= {10.1086/257790}
}
@inbook{Giulianotti12,
	author	= {Richard Giulianotti},
	year	= {2012},
	title	= {Football},
	publisher	= {American Cancer Society},
	booktitle	= {{The Wiley-Blackwell Encyclopedia of Globalization}}
}
@online{UefaMembers,
	author	= {UEFA.com},
	year	= {n.d.},
	title	= {{Member associations}},
	url		= {https://www.uefa.com/insideuefa/member-associations/},
	urldate	= {2021-01-18}
}
@online{UefaCountryCoeffCalc,
	author	= {UEFA.com},
	year	= {n.d.},
	title	= {{How association club coefficients are calculated}},
	url		= {https://www.uefa.com/memberassociations/uefarankings/country/about/},
	urldate	= {2021-02-12}
}
@reference{PremierLeagueHandbook,
	editor 	= {{The Football Association Premier League Limited}},
	title 	= {{Premier League Handbook, Season 2019/20}},
	year 	= {2019}
}
@book{Grinstead12,
	title	={Introduction to probability},
	author	={Charles Miller Grinstead and James Laurie Snell},
	year	={2012},
	publisher	={American Mathematical Soc.}
}
@article{Strumbelj14,
	title	= {On determining probability forecasts from betting odds},
	author	= {{\v{S}}trumbelj, Erik},
	journal	= {International journal of forecasting},
	volume	= {30},
	number	= {4},
	pages	= {934-943},
	year	={2014},
	publisher	={Elsevier}
}
@online{Davey20,
	title	= {{Why It’s Time We Ban Betting Sponsors in English Football}},
	author	= {Jacob Davey},
	journal	= {Versus},
	year	= {2020},
	url 	= {https://versus.uk.com/2020/07/time-ban-betting-sponsors-english-football/},
	urldate = {2021-02-15}
}
@online{LaLigaSponsors,
	title	= {{Overview of the 2019/2020 La Liga sponsors}},
	editor	= {Score and Change},
	year	= {2020},
	url		= {https://www.scoreandchange.com/overview-2019-2020-la-liga-sponsors/},
	urldate = {2021-02-15}
}
@article{Henery99,
	ISSN = {00390526, 14679884},
	URL = {http://www.jstor.org/stable/2681006},
	author = {R. J. Henery},
	journal = {Journal of the Royal Statistical Society. Series D (The Statistician)},
	number = {3},
	pages = {435--439},
	publisher = {[Royal Statistical Society, Wiley]},
	title = {Measures of Over-Round in Performance Index Betting},
	volume = {48},
	year = {1999}
}
@article{HoaglinWelsch78,
	author = {David C. Hoaglin and Roy E. Welsch},
	journal = {The American Statistician},
	number = {1},
	pages = {17--22},
	publisher = {[American Statistical Association, Taylor \& Francis, Ltd.]},
	title = {The Hat Matrix in Regression and ANOVA},
	volume = {32},
	year = {1978}
}
@article{bosca09,
	title={Increasing offensive or defensive efficiency? An analysis of {I}talian and {S}panish football},
	author={Bosc{\'a}, Jos{\'e} E and Liern, Vicente and Mart{\'\i}nez, Aurelio and Sala, Ram{\'o}n},
	journal={Omega},
	volume={37},
	number={1},
	pages={63--78},
	year={2009},
	publisher={Elsevier}
}

@online{catania,
	title = {Catania president arrested in relation to match-fixing investigation},
	url = {https://www.espn.com/soccer/italian-serie-b/story/2502122/catania-president-arrested-in-relation-to-match-fixing},
	urldate = {2021-04-24},
	author = {Gladwell, Ben},
	journal = {ESPN},
	year = {2015}
}

@article{xgoals,
	title={An examination of expected goals and shot efficiency in soccer},
	author={Rathke, Alex},
	journal={Journal of Human Sport and Exercise},
	volume={12},
	number={2},
	pages={514--529},
	year={2017},
	publisher={Universidad de Alicante}
}

@online{xgoals2,
	url = {https://footballxg.com/what{\_}are{\_}expected{\_}goals/},
	title = {{What are Expected Goals (xG)?}},
	author = {{footballxg.com}},
	year = {n.d.},
	urldate = {2021-04-24}
}

@online{prem1920,
	url = {https://www.premierleague.com/results?co=1{\&}se=274{\&}cl=1},
	title = {Premier League Football Scores, Results \& Season Archives},
	author = {The Football Association Premier League Limited},
	urldate = {2021-04-24},
	year = {2020}
}

@online{cutdocumentation,
	author	= {{RDocumentation}},
	year	= {n.d.},
	title	= {{cut: Convert Numeric to Factor}},
	url		= {https://www.rdocumentation.org/packages/base/versions/3.6.2/topics/cut},
	urldate	= {2021-03-21}
}
@article{knuth06,
	title={Optimal data-based binning for histograms},
	author={Kevin H. Knuth},
	journal={arXiv preprint physics/0605197},
	year={2006}
}
@article{cain00,
	title	={The favourite-longshot bias and market efficiency in UK football betting},
	author	={Michael Cain and David Law and David and Peel},
	journal	={Scottish Journal of Political Economy},
	volume	={47},
	number	={1},
	pages	={25--36},
	year	={2000},
	publisher	={Wiley Online Library}
}
@online{NFLsalary,
	author	= {Thomas Barrabi},
	year	= {2020},
	title	= {How does {NFL}'s salary cap work?},
	journal	= {{FOXBusiness}},
	url		= {https://www.foxbusiness.com/sports/nfl-salary-cap-rules-explained},
	urldate	= {2021-03-21}
}
@online{NHLsalary,
	author	= {Dan Rosen},
	year	= {2020},
	title	= {{NHL} salary cap to remain same next season},
	journal	= {{NHL.com}},
	url		= {https://www.nhl.com/news/nhl-salary-cap-to-remain-at-815-million/c-317372082},
	urldate	= {2021-03-21}
}
@online{NBAsalary,
	author	= {{NBA.com}},
	year	= {2020},
	title	= {{NBA Salary Cap set at \$109.14 million for 2019-20}},
	url		= {https://www.nba.com/news/nba-salary-cap-2019-20-season-set-10914-million},
	urldate	= {2021-03-21}
}
@online{MLBsalary,
	author	= {Piper Slowinski},
	year	= {2012},
	title	= {{Luxury Tax}},
	journal	= {{FanGraphs Baseball}},
	url		= {https://library.fangraphs.com/business/luxury-tax/},
	urldate	= {2021-03-21}
}
@online{MLSsalary,
	author	= {{Goal}},
	year	= {2019},
	title	= {{What is the MLS salary cap \& how much are U.S. soccer players paid?}},
	url		= {https://www.goal.com/en-us/news/mls-salary-cap-how-much-us-soccer-players-paid/q015j4su3gb31bha41zto4fkb},
	urldate	= {2021-03-21}
}
@article{wold87,
	title	={Principal component analysis},
	author	={Svante Wold and Kim Esbensen and Paul Geladi},
	journal	={Chemometrics and intelligent laboratory systems},
	volume	={2},
	number	={1-3},
	pages	={37--52},
	year	={1987},
	publisher	={Elsevier}
}
@article{pearson1901,
	title	={{LIII. On lines and planes of closest fit to systems of points in space}},
	author	={Karl Pearson},
	journal	={The London, Edinburgh, and Dublin Philosophical Magazine and Journal of Science},
	volume	={2},
	number	={11},
	pages	={559--572},
	year	={1901},
	publisher	={Taylor \& Francis}
}
@article{fabrigar99,
	title={Evaluating the use of exploratory factor analysis in psychological research.},
	author={Fabrigar, Leandre R and Wegener, Duane T and MacCallum, Robert C and Strahan, Erin J},
	journal={Psychological methods},
	volume={4},
	number={3},
	pages={272},
	year={1999},
	publisher={American Psychological Association}
}
@article{jolliffe72,
	title={Discarding variables in a principal component analysis. I: Artificial data},
	author={Jolliffe, Ian T},
	journal={Journal of the Royal Statistical Society: Series C (Applied Statistics)},
	volume={21},
	number={2},
	pages={160--173},
	year={1972},
	publisher={Wiley Online Library}
}
@online{alto19,
	author	= {Valentina Alto},
	year	= {2019},
	title	= {{PCA: Eigenvectors and Eigenvalues}},
	journal	= {{Towards Data Science}},
	url		= {https://towardsdatascience.com/pca-eigenvectors-and-eigenvalues-1f968bc6777a},
	urldate	= {2021-03-24}
}
@online{deloitte20,
	author	= {Theo Ajadi and Tom Ambler and Zal Udwadia and Chris Wood},
	year 	= {2020},
	title 	= {Home truths: {Annual Review of Football Finance 2020}},
	publisher	= {Sports Buisness Group (Deloitte)},
	url		= {https://www2.deloitte.com/content/dam/Deloitte/uk/Documents/sports-business-group/deloitte-uk-annual-review-of-football-finance-2020.pdf},
	urldate	= {2021-03-25}
}
@online{ScoLeagues,
	author	= {{Scottish Professional Football League}},
	year	= {2021},
	title	= {{The Rules and Regulations of the Scottish Professional Football League}},
	url		= {https://spfl.co.uk/admin/filemanager/images/shares/pdfs/SPFL%20Rules%20and%20Regulations%2016-Mar-21%20(MASTER%20COPY)%20CLEAN.pdf},
	urldate	= {2021-03-25}
}
@online{EngLeagues,
	author	= {{English Football League}},
	year	= {n.d.},
	title	= {{EFL Regulations, Section 3 - The League}},
	url		= {https://www.efl.com/-more/governance/efl-rules--regulations/section-3---the-league/},
	urldate	= {2021-03-25}
}
@online{reflection,
	author	= {Eric W. Weisstein},
	year	= {n.d.},
	title	= {Reflection},
	journal = {MathWorld--A Wolfram Web Resource},
	url 	= {https://mathworld.wolfram.com/Reflection.html},
	urldate = {2021-03-28}
}
@misc{constantinou20,
	title={Asian Handicap football betting with Rating-based Hybrid Bayesian Networks}, 
	author={Anthony Constantinou},
	year={2020},
	eprint={2003.09384},
	archivePrefix={arXiv},
	primaryClass={stat.AP}
}
@online{countPlots,
	author	= {Plotly.com},
	year	= {n.d.},
	title	= {{geom count in ggplot2}},
	url		= {https://plotly.com/ggplot2/geom{\_}count/},
	urldate = {2021-03-28}
}
@article{wu12,
	title	={Warranty data analysis: A review},
	author	={Wu, Shaomin},
	journal	={Quality and Reliability Engineering International},
	volume	={28},
	number	={8},
	pages	={795--805},
	year	={2012},
	publisher	={Wiley Online Library}
}
@article{angelini19,
	title={Efficiency of online football betting markets},
	author={Angelini, Giovanni and De Angelis, Luca},
	journal={International Journal of Forecasting},
	volume={35},
	number={2},
	pages={712--721},
	year={2019},
	publisher={Elsevier}
}
@online{lineofbestfit,
	title = {Line {O}f {B}est {F}it},
	author = {James Chen},
	url = {https://www.investopedia.com/terms/l/line-of-best-fit.asp},
	year = {2020},
	journal = {Investopedia},
	urldate = {2021-04-06}
}
@online{kerneldensity,
	url = {https://deepai.org/machine-learning-glossary-and-terms/kernel-density-estimation},
	urldate = {2021-04-06},
	author = {{DeepAI}},
	title = {{Kernel Density Estimation Definition}},
	year = {n.d.}
}
@online{overround,
	url = {http://www.matterofstats.com/what-is-vig-and-overround/},
	urldate = {2021-04-06},
	author = {MatterOfStats},
	title = {What is {Vig} and {Overround}},
	year = {n.d.}
}
@online{decimalOddsSbo,
	url = {https://www.sbo.net/strategy/decimal-odds/},
	urldate = {2021-04-08},
	author = {{SBO}},
	title = {{Explaining Decimal Odds}},
	year = {n.d.}

}
@article{kaunitz17,
	title={Beating the bookies with their own numbers - and how the online sports betting market is rigged},
	author={Kaunitz, Lisandro and Zhong, Shenjun and Kreiner, Javier},
	journal={arXiv preprint arXiv:1710.02824},
	year={2017}
}
@online{davies21,
	author = {Davies, Rob},
	year = {2021},
	title = {{UK betting companies report profits in 2020 as US market opens up}},
	journal = {The Guardian},
	url = {https://www.theguardian.com/society/2021/mar/04/uk-betting-companies-report-profits-in-2020-as-us-market-opens-up
	},
	urldate = {2021-04-13}
}
@online{flutter,
	title = {{2019 Annual Report and Accounts}},
	author = {{Flutter Entertainment, plc.}},
	year = {2020},
	url = {https://www.flutter.com/sites/paddy-power-betfair/files/Annual%20reports/2019-annual-report-28-02-20.pdf},
	urldate = {2021-04-13}
}
@online{bet365revenue,
	title = {{Report and Financial Statements}},
	author = {{bet365 Group Limited}},
	year = {2019},
	url = {https://find-and-update.company-information.service.gov.uk/company/04241161/filing-history/MzI1MjIzNDU1MGFkaXF6a2N4/document?format=pdf},
	urldate = {2021-04-13}
}
@online{symonds20,
	url = {https://www.bbc.co.uk/news/uk-54564536},
	title = {{Man denied £1.7m payout by Betfred takes fight to High Court}},
	author = {Tom Symonds},
	year = {2020},
	journal = {BBC News},
	urldate = {2021-04-13}
}
@online{cave15,
	url = {https://www.bbc.co.uk/news/business-34550617},
	author = {Rob Cave},
	year = {2015},
	urldate = {2021-04-13},
	title = {Banned from the bookies},
	journal = {BBC News}
}
@online{osborne15,
	title = {Bookmakers 'refusing to take bets from successful gamblers'},
	year = {2015},
	author = {Samuel Osborne},
	url = {https://www.independent.co.uk/news/uk/home-news/bookmakers-refusing-take-bets-successful-gamblers-a6698756.html},
	journal = {The Independent},
	urldate = {2021-04-13}
}
@article{ma11,
	title={Principal component analysis based methods in bioinformatics studies},
	author={Ma, Shuangge and Dai, Ying},
	journal={Briefings in bioinformatics},
	volume={12},
	number={6},
	pages={714--722},
	year={2011},
	publisher={Oxford University Press}
}

@article{ramchandani12,
	title={Competitiveness of the English Premier League (1992-2010) and ten European football leagues (2010)},
	author={Ramchandani, Girish},
	journal={International Journal of Performance Analysis in Sport},
	volume={12},
	number={2},
	pages={346--360},
	year={2012},
	publisher={Taylor \& Francis}
}

@article{dixon97,
	title={Modelling association football scores and inefficiencies in the football betting market},
	author={Dixon, Mark J and Coles, Stuart G},
	journal={Journal of the Royal Statistical Society: Series C (Applied Statistics)},
	volume={46},
	number={2},
	pages={265--280},
	year={1997},
	publisher={Wiley Online Library}
}

@article{karlis09,
	title={Bayesian modelling of football outcomes: using the Skellam's distribution for the goal difference},
	author={Karlis, Dimitris and Ntzoufras, Ioannis},
	journal={IMA Journal of Management Mathematics},
	volume={20},
	number={2},
	pages={133--145},
	year={2009},
	publisher={Oxford University Press}
}

@online{maevrmse,
	title = {{MAE and RMSE — Which Metric is Better?}},
	author = {Janet Wesner},
	url = {https://medium.com/human-in-a-machine-world/mae-and-rmse-which-metric-is-better-e60ac3bde13d},
	urldate = {2021-04-21},
	journal = {Human in a Machine World},
	year = {2016}
}

@inproceedings{godin14,
	title={Beating the bookmakers: leveraging statistics and Twitter microposts for predicting soccer results},
	author={Godin, Fr{\'e}deric and Zuallaert, Jasper and Vandersmissen, Baptist and De Neve, Wesley and Van de Walle, Rik},
	booktitle={Workshop on Large-Scale Sports Analytics (KDD 2014), New York, USA},
	year={2014}
}
@article{kaiser74,
	title={An index of factorial simplicity},
	author={Kaiser, Henry F},
	journal={Psychometrika},
	volume={39},
	number={1},
	pages={31--36},
	year={1974},
	publisher={Springer}
}

@article{kuypers00,
	title={Information and efficiency: an empirical study of a fixed odds betting market},
	author={Kuypers, Tim},
	journal={Applied Economics},
	volume={32},
	number={11},
	pages={1353--1363},
	year={2000},
	publisher={Taylor \& Francis}
}

@article{khazaal12,
	title={Effects of expertise on football betting},
	author={Khazaal, Yasser and Chatton, Anne and Billieux, Jo{\"e}l and Bizzini, Lucio and Monney, Gr{\'e}goire and Fresard, Emmanuelle and Thorens, Gabriel and Bondolfi, Guido and El-Guebaly, Nady and Zullino, Daniele and others},
	journal={Substance abuse treatment, prevention, and policy},
	volume={7},
	number={1},
	pages={1--6},
	year={2012},
	publisher={BioMed Central}
}

@article{strumbelj10,
	title={Online bookmakers’ odds as forecasts: The case of European soccer leagues},
	author={{\v{S}}trumbelj, E and {\v{S}}ikonja, M Robnik},
	journal={International Journal of Forecasting},
	volume={26},
	number={3},
	pages={482--488},
	year={2010},
	publisher={Elsevier}
}


@article{cortis15,
	title={Expected values and variances in bookmaker payouts: A theoretical approach towards setting limits on odds},
	author={Cortis, Dominic},
	journal={The Journal of Prediction Markets},
	volume={9},
	number={1},
	pages={1--14},
	year={2015}
}


@article{morris88,
	title={Statistics in medicine: Calculating confidence intervals for relative risks (odds ratios) and standardised ratios and rates},
	author={Morris, Julie A and Gardner, Martin J},
	journal={British medical journal (Clinical research ed.)},
	volume={296},
	number={6632},
	pages={1313},
	year={1988},
	publisher={BMJ Publishing Group}
}


@online{kelly21,
	title = {{Who are the Premier League 'big six'? Top English clubs \& nickname explained}},
	author = {Ryan Kelly},
	year = {2021},
	journal = {Goal},
	url = {https://www.goal.com/en-gb/news/who-are-premier-league-big-six-top-english-clubs-nickname/130iokmi8t8dt1k3kudou73s1k},
	urldate = {2021-04-15}
}

@article{levitt04,
	title={Why are gambling markets organised so differently from financial markets?},
	author={Levitt, Steven D},
	journal={The Economic Journal},
	volume={114},
	number={495},
	pages={223--246},
	year={2004},
	publisher={Oxford University Press Oxford, UK}
}




R CITATIONS
@Manual{rProgram,
    title = {R: A Language and Environment for Statistical Computing},
    author = {{R Core Team}},
    organization = {R Foundation for Statistical Computing},
    address = {Vienna, Austria},
    year = {2021},
    url = {https://www.R-project.org/},
  }
@Book{massPackage,
    title = {Modern Applied Statistics with S},
    author = {W. N. Venables and B. D. Ripley},
    publisher = {Springer},
    edition = {Fourth},
    address = {New York},
    year = {2002},
    note = {ISBN 0-387-95457-0},
    url = {https://www.stats.ox.ac.uk/pub/MASS4/},
  }
@Book{ggplot2Package,
    author = {Hadley Wickham},
    title = {ggplot2: Elegant Graphics for Data Analysis},
    publisher = {Springer-Verlag New York},
    year = {2016},
    isbn = {978-3-319-24277-4},
    url = {https://ggplot2.tidyverse.org},
  }
 @Manual{gridExtraPackage,
    title = {gridExtra: Miscellaneous Functions for "Grid" Graphics},
    author = {Baptiste Auguie},
    year = {2017},
    note = {R package version 2.3},
    url = {https://CRAN.R-project.org/package=gridExtra},
  }
@Book{carPackage,
    title = {An {R} Companion to Applied Regression},
    edition = {Third},
    author = {John Fox and Sanford Weisberg},
    year = {2019},
    publisher = {Sage},
    address = {Thousand Oaks {CA}},
    url = {https://socialsciences.mcmaster.ca/jfox/Books/Companion/},
  }
@Manual{scalesPackage,
    title = {scales: Scale Functions for Visualization},
    author = {Hadley Wickham and Dana Seidel},
    year = {2020},
    note = {R package version 1.1.1},
    url = {https://CRAN.R-project.org/package=scales},
  }
@Manual{e1071Package,
    title = {e1071: Misc Functions of the Department of Statistics, Probability
Theory Group (Formerly: E1071), TU Wien},
    author = {David Meyer and Evgenia Dimitriadou and Kurt Hornik and Andreas Weingessel and Friedrich Leisch},
    year = {2020},
    note = {R package version 1.7-4},
    url = {https://CRAN.R-project.org/package=e1071},
  }